@misc{ fisher_yates,
       author = "R.A. Fisher, F. Yates",
       title = "Statistical tables for biological, agricultural and medical research, 6th ed",
       year = "1963",
       howpublished = "\url{http://hdl.handle.net/2440/10701}"
       }