@misc{psi,
      author = "Y. Huang, D. Evans, J. Katz",
      title = "Private Set Intersection: Are Garbled Circuits Better than Custom Protocols?",
      year = "2012",
      howpublished = "\url{https://www.cs.virginia.edu/~evans/pubs/ndss2012/}"
}

@misc{durstenfeld,
 author = {Durstenfeld, Richard},
 title = {Algorithm 235: Random Permutation},
 journal = {Commun. ACM},
 issue_date = {July 1964},
 volume = {7},
 number = {7},
 month = jul,
 year = {1964},
 issn = {0001-0782},
 pages = {420--},
 howpublished = {\url{http://doi.acm.org/10.1145/364520.364540}},
 doi = {10.1145/364520.364540},
 acmid = {364540},
 publisher = {ACM},
 address = {New York, NY, USA},
}